@misc{wiki:Island_of_stability,
   author = "Wikipedia",
   title = "{Island of stability} --- {W}ikipedia{,} The Free Encyclopedia",
   year = "2023",
   howpublished = {\url{http://en.wikipedia.org/w/index.php?title=Island\%20of\%20stability&oldid=1148716716}},
   note = "[Online; accessed 28-July-2023]"
 }

@article{watkins2022challenges,
  title={Challenges and opportunities to alloyed and composite fuel architectures to mitigate high uranium density fuel oxidation: Uranium diboride and uranium carbide},
  author={Watkins, Jennifer K and Wagner, Adrian R and Gonzales, Adrian and Jaques, Brian J and Sooby, Elizabeth S},
  journal={Journal of Nuclear Materials},
  volume={560},
  pages={153502},
  year={2022},
  publisher={Elsevier}
}

@article{JPCS_1696_1_012006bib1,
  author={A A Palko and J S Drury},
  title={Separation of Boron Isotopes. VIII. BF3 Addition Compounds of Dimethyl Ether, Dimethyl Sulfide, Dimethyl Selenide, Dimethyl Telluride, Dibutyl Ether, and Ethyl Formate},
  journal={Adv. Chem. Ser.},
  volume={89},
  year={1969},
  pages={40--41}
}


@article{JPCS_1696_1_012006bib2,
  author={V A Ivanov and S G Katalnikov},
  title={},
  journal={Separation Science and Technology},
  volume={36},
  year={2001},
  number={8-9},
  pages={1737--1768}
}


@book{JPCS_1696_1_012006bib3,
  author={V Y Baranov},
  title={Isotopes: properties, preparation, applications},
  publisher={Tsinghua University Press},
  location={Beijing},
  year={2000}
}


@book{JPCS_1696_1_012006bib4,
  author={W J Zhang},
  title={Proceedings of the Fourth Nuclear Forum of the Fourth China Nuclear Society},
  publisher={Tianjin Nuclear Society},
  location={Tianjin},
  year={2007}
}


@misc{JPCS_1696_1_012006bib5,
  author={J X Pan and M S Zhou and J J Li},
  title={Research on physical separation methods of CO2},
  year={2018}
}


@book{JPCS_1696_1_012006bib6,
  author={X J Zhen},
  title={Boron compounds for the nuclear industry},
  publisher={Chemical Industry Press},
  location={Beijing},
  year={2015}
}


@book{JPCS_1696_1_012006bib7,
  author={X A Xiao},
  title={Isotope separation},
  publisher={The Atomic Energy Publish House},
  location={Beijing},
  year={1999}
}


@book{JPCS_1696_1_012006bib8,
  author={Z Xu},
  title={Centrifugal compressor principle},
  publisher={Machinery Industry Press},
  location={Beijing},
  year={1990}
}
